<record><leader>00000cas a22000007a 4500</leader><controlfield tag="001">13513391</controlfield><controlfield tag="008">860430d1883188uiauwr ne      0    0eng d</controlfield><datafield ind1=" " ind2=" " tag="010"><subfield code="a">sn 86060061 </subfield></datafield><datafield ind1=" " ind2=" " tag="040"><subfield code="a">INP</subfield><subfield code="b">eng</subfield><subfield code="c">INP</subfield><subfield code="d">OCLCQ</subfield></datafield><datafield ind1=" " ind2=" " tag="042"><subfield code="a">msc</subfield></datafield><datafield ind1="0" ind2=" " tag="130"><subfield code="a">Creston commonwealth (Creston, Iowa : 1883)</subfield></datafield><datafield ind1="1" ind2="4" tag="245"><subfield code="a">The Creston commonwealth.</subfield></datafield><datafield ind1="1" ind2="3" tag="246"><subfield code="a">Commonwealth</subfield><subfield code="f">Nov. 2, 1883-&lt;Oct. 10, 1884&gt;</subfield></datafield><datafield ind1=" " ind2=" " tag="260"><subfield code="a">Creston, Iowa :</subfield><subfield code="b">Page &amp; Davis,</subfield><subfield code="c">1883-</subfield></datafield><datafield ind1=" " ind2=" " tag="300"><subfield code="a">v. :</subfield><subfield code="b">ill. (chiefly advertisements)</subfield></datafield><datafield ind1=" " ind2=" " tag="310"><subfield code="a">Weekly</subfield></datafield><datafield ind1="0" ind2=" " tag="362"><subfield code="a">Vol. 2, no. 3 (Nov. 2, 1883)-</subfield></datafield><datafield ind1="1" ind2=" " tag="362"><subfield code="a">Ceased in 1884 or 1885.</subfield></datafield><datafield ind1=" " ind2=" " tag="500"><subfield code="a">Editor: S.R. Davis, Nov. 2, 1883-&lt;Aug. 29, 1884&gt;.</subfield></datafield><datafield ind1=" " ind2=" " tag="752"><subfield code="a">United States</subfield><subfield code="b">Iowa</subfield><subfield code="c">Union</subfield><subfield code="d">Creston.</subfield></datafield><datafield ind1="0" ind2="0" tag="780"><subfield code="t">Creston commoner</subfield><subfield code="w">(DLC)sn 86060060</subfield></datafield><datafield ind1="0" ind2="0" tag="785"><subfield code="t">Commonwealth (Creston, Iowa)</subfield><subfield code="w">(DLC)sn 86060062</subfield></datafield><datafield ind1="1" ind2=" " tag="029"><subfield code="a">AU@</subfield><subfield code="b">000025808138</subfield></datafield></record>